<record><leader>00000cas a2200000 a 4500</leader><controlfield tag="001">29510094</controlfield><controlfield tag="008">931216c19589999caucr ne      0    0eng c</controlfield><datafield ind1=" " ind2=" " tag="010"><subfield code="a">sn 93053235 </subfield></datafield><datafield ind1=" " ind2=" " tag="040"><subfield code="a">CNK</subfield><subfield code="b">eng</subfield><subfield code="c">CNK</subfield><subfield code="d">CNK</subfield><subfield code="d">OCLCQ</subfield><subfield code="d">OCLCF</subfield><subfield code="d">OCLCO</subfield></datafield><datafield ind1="1" ind2=" " tag="029"><subfield code="a">AU@</subfield><subfield code="b">000010738080</subfield></datafield><datafield ind1=" " ind2=" " tag="042"><subfield code="a">pcc</subfield></datafield><datafield ind1=" " ind2=" " tag="043"><subfield code="a">n-us-ca</subfield></datafield><datafield ind1="0" ind2="4" tag="245"><subfield code="a">The Ojai and Valley news.</subfield></datafield><datafield ind1="1" ind2=" " tag="246"><subfield code="i">Published as:</subfield><subfield code="a">Ojai Valley news</subfield><subfield code="f">Jan. 29, 1959-</subfield></datafield><datafield ind1="3" ind2="0" tag="246"><subfield code="a">Ojai Valley news and Oaks gazette</subfield></datafield><datafield ind1=" " ind2=" " tag="260"><subfield code="a">Ojai, Calif. :</subfield><subfield code="b">J. Frank Knebel</subfield></datafield><datafield ind1=" " ind2=" " tag="300"><subfield code="a">v.</subfield></datafield><datafield ind1=" " ind2=" " tag="310"><subfield code="a">Semiweekly,</subfield><subfield code="b">Feb. 6, 1991-</subfield></datafield><datafield ind1=" " ind2=" " tag="321"><subfield code="a">Weekly,</subfield><subfield code="b">Jan. 16, 1958-Jan. 22, 1959</subfield></datafield><datafield ind1=" " ind2=" " tag="321"><subfield code="a">Semiweekly,</subfield><subfield code="b">Jan. 26, 1959-May 2, 1988</subfield></datafield><datafield ind1=" " ind2=" " tag="321"><subfield code="a">Triweekly,</subfield><subfield code="b">May 4, 1988-Feb. 2, 1991</subfield></datafield><datafield ind1="0" ind2=" " tag="362"><subfield code="a">67th year, no. 3 (Jan. 16, 1958)-</subfield></datafield><datafield ind1=" " ind2=" " tag="500"><subfield code="a">Monday issues, Jan. 26, 1959-June 11, 1962 and Sunday issues, June 18, 1962-Jan. 5, 1964, published as: Ojai Valley news and Oaks gazette.</subfield></datafield><datafield ind1=" " ind2=" " tag="530"><subfield code="a">Master negatives are available for duplication from:</subfield><subfield code="b">California Newspaper Microfilm Archive;</subfield><subfield code="c">positive copies may be purchased by the reel; for further information consult the CNMA at:</subfield><subfield code="u">http://cbsr.ucr.edu</subfield></datafield><datafield ind1=" " ind2="0" tag="651"><subfield code="a">Ojai Valley (Calif.)</subfield><subfield code="v">Newspapers.</subfield></datafield><datafield ind1=" " ind2="7" tag="655"><subfield code="a">Newspapers.</subfield><subfield code="2">fast</subfield><subfield code="0">(OCoLC)fst01423814</subfield></datafield><datafield ind1=" " ind2="7" tag="651"><subfield code="a">California</subfield><subfield code="z">Ojai Valley.</subfield><subfield code="2">fast</subfield><subfield code="0">(OCoLC)fst01243073</subfield></datafield><datafield ind1=" " ind2=" " tag="752"><subfield code="a">United States</subfield><subfield code="b">California</subfield><subfield code="c">Ventura</subfield><subfield code="d">Ojai.</subfield></datafield><datafield ind1="0" ind2="0" tag="780"><subfield code="t">Ojai and the Ojai Valley news</subfield><subfield code="w">(DLC)sn2002060501</subfield></datafield></record>